<?xml version="1.0" encoding="UTF-8"?><collection xmlns="http://www.loc.gov/MARC21/slim"><record><leader>00496nam--2200133-i-4500</leader><controlfield tag="001">000023654</controlfield><controlfield tag="002">20161230</controlfield><controlfield tag="005">20161230201035</controlfield><controlfield tag="008">060222s1000------------r-----000-0-eng-d</controlfield><datafield ind1=" " ind2=" " tag="080"><subfield code="a">621.039.5(048.3):002</subfield></datafield><datafield ind1=" " ind2=" " tag="245"><subfield code="a">Information sources. sect.1: technical papers ..., sect.2: a guide to the scientific ..., sect.3: nuclear science ..., sect.4: numerical index of usaec reports</subfield></datafield><datafield ind1=" " ind2=" " tag="260"><subfield code="a">Geneva, U.S.A.Energy Program, 1955</subfield></datafield><datafield ind1=" " ind2=" " tag="490"><subfield code="a">Selected Reference Material On Atomic Energy</subfield></datafield><datafield ind1=" " ind2=" " tag="852"><subfield code="a">38352</subfield></datafield></record></collection>